@ONLINE{casshistory,
	author = {DataStax},
	url = {http://www.datastax.com/docs/0.8/introduction/index},
	title = {Introduction to Apache Cassandra},
	date = {2014-04-14}
}

% Optional fields: volume/number, series, address, edition, month, note
@BOOK{nosqldistilled,
	author = {Pramod J. Sadalage, Martin Fowler},
	title = {NoSQL Distilled},
	publisher = {Pearson Education},
	year = {2013},
	isbn = {978-0-321-82662-6}
}
